<?xml version="1.0" encoding="UTF-8"?><collection xmlns="http://www.loc.gov/MARC21/slim"><record><leader>00289nam--2200121-i-4500</leader><controlfield tag="001">000024078</controlfield><controlfield tag="002">20161230</controlfield><controlfield tag="005">20161230201035</controlfield><controlfield tag="008">060222s1000------------r-----000-0-eng-d</controlfield><datafield ind1=" " ind2=" " tag="080"><subfield code="a">551.5</subfield></datafield><datafield ind1=" " ind2=" " tag="100"><subfield code="a">Hess, Seymour L</subfield></datafield><datafield ind1=" " ind2=" " tag="245"><subfield code="a">New york, henry holt and co., 1959, xiv + 364 p</subfield></datafield><datafield ind1=" " ind2=" " tag="852"><subfield code="a">47998</subfield></datafield></record></collection>